%% This BibTeX bibliography file was created using BibDesk.
%% http://bibdesk.sourceforge.net/


%% Created for Bernard Roesler at 2020-12-16 11:42:38 -0500 


%% Saved with string encoding Unicode (UTF-8) 



@book{davidson2004econometric,
	address = {New York, NY},
	author = {Davidson, Russell and MacKinnon, James G and others},
	date-modified = {2020-12-16 11:37:42 -0500},
	publisher = {Oxford University Press},
	title = {Econometric Theory and Methods},
	volume = {5},
	year = {2004}}

@book{wasserman2013all,
	author = {Wasserman, Larry},
	date-modified = {2020-12-16 11:37:16 -0500},
	publisher = {Springer Science \& Business Media},
	title = {All of Statistics: A Concise Course in Statistical Inference},
	year = {2013}}
