@book{davidson2004econometric,
  title={Econometric theory and methods},
  author={Davidson, Russell and MacKinnon, James G and others},
  volume={5},
  year={2004},
  publisher={Oxford University Press New York}
}
